<?xml version="1.0" encoding="UTF-8"?><record xmlns="http://www.loc.gov/MARC21/slim" xmlns:cinclude="http://apache.org/cocoon/include/1.0" xmlns:zs="http://www.loc.gov/zing/srw/">
  <leader>00332nz  a2200121n  4500</leader>
  <controlfield tag="001">n  92043611 </controlfield>
  <controlfield tag="003">DLC</controlfield>
  <controlfield tag="005">19920421092549.5</controlfield>
  <controlfield tag="008">920421n| acannaab|          |n aaa |||  </controlfield>
  <datafield tag="010" ind1=" " ind2=" ">
    <subfield code="a">n  92043611 </subfield>
  </datafield>
  <datafield tag="040" ind1=" " ind2=" ">
    <subfield code="a">DLC</subfield>
    <subfield code="c">DLC</subfield>
  </datafield>
  <datafield tag="100" ind1="1" ind2="0">
    <subfield code="a">Radabaugh, Joseph</subfield>
  </datafield>
  <datafield tag="670" ind1=" " ind2=" ">
    <subfield code="a">His Heaven's flame, c1991:</subfield>
    <subfield code="b">t.p. (Joseph Radabaugh) p. 79 (Mt. Shasta, Calif.)</subfield>
  </datafield>
</record>